@book{
barber_2018, place={Cambridge}, title={Bayesian reasoning and machine learning}, publisher={Cambridge University Press}, author={Barber, D.}, year={2020}
}
 
@article{bovy2017,
   title={The dimensionality of stellar chemical space using spectra from the Apache Point Observatory Galactic Evolution Experiment},
   volume={475},
   ISSN={1365-2966},
   url={http://dx.doi.org/10.1093/mnras/stx3198},
   DOI={10.1093/mnras/stx3198},
   number={1},
   journal={Monthly Notices of the Royal Astronomical Society},
   publisher={Oxford University Press (OUP)},
   author={Price-Jones, Natalie and Bovy, Jo},
   year={2017},
   month={Dec},
   pages={1410–1425}
}

 
@article{rave2006,
   title={The Radial Velocity Experiment (RAVE): First Data Release},
   volume={132},
   ISSN={1538-3881},
   url={http://dx.doi.org/10.1086/506564},
   DOI={10.1086/506564},
   number={4},
   journal={The Astronomical Journal},
   publisher={American Astronomical Society},
   author={Steinmetz, M. and Zwitter, T. and Siebert, A. and Watson, F. G. and Freeman, K. C. and Munari, U. and Campbell, R. and Williams, M. and Seabroke, G. M. and Wyse, R. F. G. and et al.},
   year={2006},
   month={Sep},
   pages={1645–1668}
}



@misc{zhao2012lamost,
      title={LAMOST Spectral Survey}, 
      author={Gang Zhao and Yongheng Zhao and Yaoquan Chu and Yipeng Jing and Licai Deng},
      year={2012},
      eprint={1206.3569},
      archivePrefix={arXiv},
      primaryClass={astro-ph.IM}
}

@article{desilva2015,
   title={The GALAH survey: scientific motivation},
   volume={449},
   ISSN={0035-8711},
   url={http://dx.doi.org/10.1093/mnras/stv327},
   DOI={10.1093/mnras/stv327},
   number={3},
   journal={Monthly Notices of the Royal Astronomical Society},
   publisher={Oxford University Press (OUP)},
   author={De Silva, G. M. and Freeman, K. C. and Bland-Hawthorn, J. and Martell, S. and de Boer, E. Wylie and Asplund, M. and Keller, S. and Sharma, S. and Zucker, D. B. and Zwitter, T. and et al.},
   year={2015},
   month={Apr},
   pages={2604–2617}
}

@article{refId0,
	author = {{Gaia Collaboration et al.}},
	title = {The Gaia mission},
	DOI= "10.1051/0004-6361/201629272",
	url= "https://doi.org/10.1051/0004-6361/201629272",
	journal = {A\&A},
	year = 2016,
	volume = 595,
	pages = "A1",
}

@article{majewski2017,
   title={The Apache Point Observatory Galactic Evolution Experiment (APOGEE)},
   volume={154},
   ISSN={1538-3881},
   url={http://dx.doi.org/10.3847/1538-3881/aa784d},
   DOI={10.3847/1538-3881/aa784d},
   number={3},
   journal={The Astronomical Journal},
   publisher={American Astronomical Society},
   author={Majewski, Steven R. and Schiavon, Ricardo P. and Frinchaboy, Peter M. and Prieto, Carlos Allende and Barkhouser, Robert and Bizyaev, Dmitry and Blank, Basil and Brunner, Sophia and Burton, Adam and Carrera, Ricardo and et al.},
   year={2017},
   month={Aug},
   pages={94}
}

@article{chernoff_weinberg_1990, 
    title={Evolution of globular clusters in the galaxy}, 
    volume={351}, 
    DOI={10.1086/168451}, 
    journal={The Astrophysical Journal}, 
    author={Chernoff, David F. and Weinberg, Martin D.}, 
    year={1990}, 
    pages={121}
} 

@article{desilva2006,
   title={Chemical Homogeneity in the Hyades},
   volume={131},
   ISSN={1538-3881},
   url={http://dx.doi.org/10.1086/497968},
   DOI={10.1086/497968},
   number={1},
   journal={The Astronomical Journal},
   publisher={American Astronomical Society},
   author={De Silva, G. M. and Sneden, C. and Paulson, D. B. and Asplund, M. and Bland-Hawthorn, J. and Bessell, M. S. and Freeman, K. C.},
   year={2006},
   month={Jan},
   pages={455–460}
}

@article{desilva2007,
    title={Chemical homogeneity in Collinder 261 and implications for chemical tagging},
    url={https://ui.adsabs.harvard.edu/abs/2007AJ....133.1161D/abstract}, 
    journal={NASA/ADS}, 
    author={De Silva, G. M. and Freeman, K. C. and Asplund, M. and Bland-Hawthorn, J. and Bessell, M. S. and Collet, R.}, 
    year={2007}} 

@article{bovy2016,
   title={THE CHEMICAL HOMOGENEITY OF OPEN CLUSTERS},
   volume={817},
   ISSN={1538-4357},
   url={http://dx.doi.org/10.3847/0004-637X/817/1/49},
   DOI={10.3847/0004-637x/817/1/49},
   number={1},
   journal={The Astrophysical Journal},
   publisher={American Astronomical Society},
   author={Bovy, Jo},
   year={2016},
   month={Jan},
   pages={49}
}

@article{freeman2002,
   title={The New Galaxy: Signatures of Its Formation},
   volume={40},
   ISSN={1545-4282},
   url={http://dx.doi.org/10.1146/annurev.astro.40.060401.093840},
   DOI={10.1146/annurev.astro.40.060401.093840},
   number={1},
   journal={Annual Review of Astronomy and Astrophysics},
   publisher={Annual Reviews},
   author={Freeman, Ken and Bland-Hawthorn, Joss},
   year={2002},
   month={Sep},
   pages={487–537}
}
@article{ting2012,
   title={Principal component analysis on chemical abundances spaces},
   volume={421},
   ISSN={0035-8711},
   url={http://dx.doi.org/10.1111/j.1365-2966.2011.20387.x},
   DOI={10.1111/j.1365-2966.2011.20387.x},
   number={2},
   journal={Monthly Notices of the Royal Astronomical Society},
   publisher={Oxford University Press (OUP)},
   author={Ting, Y. S. and Freeman, K. C. and Kobayashi, C. and De Silva, G. M. and Bland-Hawthorn, J.},
   year={2012},
   month={Feb},
   pages={1231–1255}
}

@article{scikit-learn,
 title={Scikit-learn: Machine Learning in {P}ython},
 author={Pedregosa, F. and Varoquaux, G. and Gramfort, A. and Michel, V.
         and Thirion, B. and Grisel, O. and Blondel, M. and Prettenhofer, P.
         and Weiss, R. and Dubourg, V. and Vanderplas, J. and Passos, A. and
         Cournapeau, D. and Brucher, M. and Perrot, M. and Duchesnay, E.},
 journal={Journal of Machine Learning Research},
 volume={12},
 pages={2825--2830},
 year={2011}
}

@article{chen2020structured,
  title={Structured latent factor analysis for large-scale data: Identifiability, estimability, and their implications},
  author={Chen, Yunxiao and Li, Xiaoou and Zhang, Siliang},
  journal={Journal of the American Statistical Association},
  volume={115},
  number={532},
  pages={1756--1770},
  year={2020},
  publisher={Taylor \& Francis}
}

@misc{decoster1998overview,
  title={Overview of factor analysis},
  author={DeCoster, Jamie},
  year={1998},
  publisher={Tuscaloosa, AL}
}
@book{kline2014easy,
  title={An easy guide to factor analysis},
  author={Kline, Paul},
  year={2014},
  publisher={Routledge}
}

@article{kaiser1958varimax,
  title={The varimax criterion for analytic rotation in factor analysis},
  author={Kaiser, Henry F},
  journal={Psychometrika},
  volume={23},
  number={3},
  pages={187--200},
  year={1958},
  publisher={Springer}
}

@techreport{woosley1995evolution,
  title={The evolution and explosion of massive Stars II: Explosive hydrodynamics and nucleosynthesis},
  author={Woosley, SE and Weaver, Thomas A},
  year={1995},
  institution={Lawrence Livermore National Lab.(LLNL), Livermore, CA (United States)}
}

@article{qian1998,
   title={Diverse Supernova Sources for ther‐Process},
   volume={494},
   ISSN={1538-4357},
   url={http://dx.doi.org/10.1086/305198},
   DOI={10.1086/305198},
   number={1},
   journal={The Astrophysical Journal},
   publisher={American Astronomical Society},
   author={Qian, Y.‐Z. and Vogel, P. and Wasserburg, G. J.},
   year={1998},
   month={Feb},
   pages={285–296} }
   
 @article{thompson2001physics,
  title={The physics of proto-neutron star winds: implications for r-process nucleosynthesis},
  author={Thompson, Todd A and Burrows, Adam and Meyer, Bradley S},
  journal={The Astrophysical Journal},
  volume={562},
  number={2},
  pages={887},
  year={2001},
  publisher={IOP Publishing}
}

@article{lattimer1977decompression,
  title={Decompression Of Cold Neutron Star Matter},
  author={Lattimer, James M and Mackie, Fred and Ravenhall, DG and Schramm, DN},
  year={1977}
}

@article{abbott2017gw170817,
  title={GW170817: observation of gravitational waves from a binary neutron star inspiral},
  author={Abbott, Benjamin P and Abbott, Rich and Abbott, TD and Acernese, Fausto and Ackley, Kendall and Adams, Carl and Adams, Thomas and Addesso, Paolo and Adhikari, RX and Adya, Vaishali B and others},
  journal={Physical review letters},
  volume={119},
  number={16},
  pages={161101},
  year={2017},
  publisher={APS}
}

@article{boothroyd2006heavy,
  title={Heavy elements in stars},
  author={Boothroyd, Arnold I},
  journal={Science},
  volume={314},
  number={5806},
  pages={1690--1691},
  year={2006},
  publisher={American Association for the Advancement of Science}
}
@article{mattson2011,
   title={Dust-driven mass loss from carbon stars as a function of stellar parameters},
   volume={533},
   ISSN={1432-0746},
   url={http://dx.doi.org/10.1051/0004-6361/201015572},
   DOI={10.1051/0004-6361/201015572},
   journal={Astronomy & Astrophysics},
   publisher={EDP Sciences},
   author={Mattsson, L. and Höfner, S.},
   year={2011},
   month={Aug},
   pages={A42} }
